@CONFERENCE{288,
  author = {Morgan Quigley and Ken Conley and Brian P. Gerkey and Josh Faust
	and Tully Foote and Jeremy Leibs and Rob Wheeler and Andrew Y. Ng},
  title = {ROS: an open-source Robot Operating System},
  booktitle = {ICRA Workshop on Open Source Software},
  year = {2009},
  attachments = {http://www.willowgarage.com/sites/default/files/icraoss09-ROS.pdf}
}